@article{Baez1,
	author = "Baez, John C. and Huerta, John",
	title = "{Division Algebras and Supersymmetry I}",
	eprint = "0909.0551",
	archivePrefix = "arXiv",
	primaryClass = "hep-th",
	doi = "10.1090/pspum/081/2681758",
	journal = "Proc. Symp. Pure Maths.",
	volume = "81",
	pages = "65--80",
	year = "2010"
}
@article{Baez2,
	author = "Baez, John C. and Huerta, John",
	title = "{Division Algebras and Supersymmetry II}",
	eprint = "1003.3436",
	archivePrefix = "arXiv",
	primaryClass = "hep-th",
	doi = "10.4310/ATMP.2011.v15.n5.a4",
	journal = "Adv. Theor. Math. Phys.",
	volume = "15",
	number = "5",
	pages = "1373--1410",
	year = "2011"
}

@inproceedings{Oblak:2015qia,
	author = "Oblak, Blagoje",
	title = "{From the Lorentz Group to the Celestial Sphere}",
	eprint = "1508.00920",
	archivePrefix = "arXiv",
	primaryClass = "math-ph",
	month = "8",
	year = "2015"
}
@book{lcb,
	author = {梁灿彬},
	title = {《微分几何入门与广义相对论》},
	year = {2006},
	volume = {1},
	publisher = {科学出版社},
	isbn = {9787030164605},
}

@book{Weinberg,
	author = "Weinberg, Steven",
	title = "{The Quantum theory of fields. Vol. 1: Foundations}",
	doi = "10.1017/CBO9781139644167",
	isbn = "978-0-521-67053-1, 978-0-511-25204-4",
	publisher = "Cambridge University Press",
	month = "6",
	year = "2005"
}